@article{Belk:2014,
	author = {Russell Belk},
	title = {You are what you can access: Sharing and collaborative consumption online},
	journal = {Journal of Business Research},
	volume = {67},
	number = {8},
	pages = {1595 - 1600},
	year = {2014},
	issn = {0148-2963},
	doi = {10.1016/j.jbusres.2013.10.001}
}

@article {Hamari:2015,
	author = {Hamari, Juho and Sjöklint, Mimmi and Ukkonen, Antti},
	title = {The sharing economy: Why people participate in collaborative consumption},
	journal = {Journal of the Association for Information Science and Technology},
	pages = {1 - 13},
	month = {July},
	year = {2015},
	issn = {2330-1643},
	doi = {10.1002/asi.23552}
}

@article {Albinsson:2012,
	author = {Albinsson, Pia A. and Yasanthi Perera, B.},
	title = {Alternative marketplaces in the 21st century: Building community through sharing events},
	journal = {Journal of Consumer Behaviour},
	volume = {11},
	number = {4},
	pages = {303 - 315},
	month = {July},
	year = {2012},
	publisher = {John Wiley & Sons, Ltd},
	issn = {1479-1838},
	doi = {10.1002/cb.1389}
}

@article {Mohlmann:2015,
	author = {M\"{o}hlmann, Mareike},
	title = {Collaborative consumption: determinants of satisfaction and the likelihood of using a sharing economy option again},
	journal = {Journal of Consumer Behaviour},
	volume = {14},
	number = {3},
	issn = {1479-1838},
	doi = {10.1002/cb.1512},
	pages = {193 - 207},
	year = {2015}
}

@article {Litayem:2015,
    author  = {Litayem, Nabil and Dhupia, Bhawna and Rubab, Sadia},
    title   = {Review of Cross-Platforms for Mobile Learning Application Development},
    journal = {(IJACSA) International Journal of Advanced Computer Science and Applications},
    year    = {2015},
    volume  = {6},
    number  = {1},
    pages   = {31 - 39},
    month   = {February},
    doi     = {10.14569/IJACSA.2015.060105}
}

@inproceedings{Karadimce:2014, 
	author={Karadimce, A. and Bogatinoska, D.C.}, 
	title={Using hybrid mobile applications for adaptive multimedia content delivery}, 
	booktitle={Electronics and Microelectronics (MIPRO), 2014 37th International Convention on Information and Communication Technology}, 
	year={2014}, 
	month={May},
	pages={686-691},
	doi={10.1109/MIPRO.2014.6859654},
}

@inproceedings{Joorabchi:2013, 
	author={M. E. Joorabchi and A. Mesbah and P. Kruchten}, 
	title={Real Challenges in Mobile App Development}, 
	booktitle={2013 ACM / IEEE International Symposium on Empirical Software Engineering and Measurement}, 
	year={2013}, 
	month={October},
	pages={15-24},
	doi={10.1109/ESEM.2013.9}, 
	issn={1938-6451}
}

@article{Charland:2011,
	 author = {Charland, Andre and Leroux, Brian},
	 title = {Mobile Application Development: Web vs. Native},
	 journal = {Communications of the ACM},
	 volume = {54},
	 number = {5},
	 month = {May},
	 year = {2011},
	 issn = {0001-0782},
	 pages = {49 - 53},
	 numpages = {5},
	 doi = {10.1145/1941487.1941504},
	 acmid = {1941504},
	 publisher = {ACM},
	 address = {New York, NY, USA}
}

@inproceedings{Brucker:2016,
  author	= {Achim D. Brucker and Michael Herzberg},
  title		= {On the Static Analysis of Hybrid Mobile Apps: A Report on the State of Apache Cordova Nation},
  booktitle	= {International Symposium on Engineering Secure Software and Systems (ESSoS)},
  month = {March},
  year		= {2016},
  pages = {72 - 88},
  language	= {USenglish},
  editor	= {Juan Caballero and Eric Bodden},
  publisher	= {Springer-Verlag},
  address	= {Heidelberg},
  series	= {Lecture Notes in Computer Science},
  isbn		= {978-3-642-11746-6},
  classification= {conference},
  areas		= {security, software},
  public	= {yes},
  doi		= {10.1007/978-3-319-30806-7_5}
}

@inproceedings{Hale:2015, 
	author={M. L. Hale and S. Hanson}, 
	title={A Testbed and Process for Analyzing Attack Vectors and Vulnerabilities in Hybrid Mobile Apps Connected to Restful Web Services}, 
	booktitle={2015 IEEE World Congress on Services}, 
	month={June},
	year={2015}, 
	pages={181-188},
	doi={10.1109/SERVICES.2015.35}, 
}

@inproceedings{Malavolta:2015, 
	author={Malavolta, I. and Ruberto, S. and Soru, T. and Terragni, V.}, 
	title={End Users' Perception of Hybrid Mobile Apps in the Google Play Store}, 
	booktitle={2015 IEEE International Conference on Mobile Services}, 
	month={June},
	year={2015}, 
	pages={25-32},
	doi={10.1109/MobServ.2015.14}, 
}

@Inbook{Schwaber:1997,
	author={Schwaber, Ken},
	editor={Sutherland, Jeff and Casanave, Cory and Miller, Joaquin and Patel, Philip and Hollowell, Glenn},
	chapter={SCRUM Development Process},
	title={Business Object Design and Implementation: OOPSLA '95 Workshop Proceedings 16 October 1995, Austin, Texas},
	year={1997},
	publisher={Springer London},
	address={London},
	pages={117 - 134},
	isbn={978-1-4471-0947-1},
	doi={10.1007/978-1-4471-0947-1_11}
}

@book{DeGrace:1990,
	 author = {DeGrace, Peter and Stahl, Leslie Hulet},
	 title = {Wicked Problems, Righteous Solutions},
	 year = {1990},
	 isbn = {0-13-590126-X},
	 publisher = {Yourdon Press},
	 address = {Upper Saddle River, NJ, USA}
} 

@article{Cervone:2011,
	author = {H. Frank Cervone},
	title = {Understanding agile project management methods using Scrum},
	journal = {OCLC Systems \& Services: International digital library perspectives},
	volume = {27},
	number = {1},
	pages = {18 - 22},
	year = {2011},
	doi = {10.1108/10650751111106528}
}

@article{sutherland:2004,
  	title={Agile development: Lessons learned from the first scrum},
  	author={Sutherland, Jeff},
  	journal={Cutter Agile Project Management Advisory Service: Executive Update},
  	volume={5},
  	number={20},
  	pages={1 - 4},
  	year={2004}
}

@article{Inayat:2015,
	title = {A systematic literature review on agile requirements engineering practices and challenges},
	journal = {Computers in Human Behavior},
	volume = {51, Part B},
	pages = {915 - 929},
	month = {October},
	year = {2015},
	issn = {0747-5632},
	doi = {10.1016/j.chb.2014.10.046}
}

@article{Ramesh:2010,
	author={Ramesh, B. and Cao, L. and Baskerville, R.},
	title={Agile requirements engineering practices and challenges: an empirical study},
	journal={Information Systems Journal},
	year={2010},
	volume={20},
	number={5},
	pages={449-480},
	doi={10.1111/j.1365-2575.2007.00259.x},
	source={Scopus}
}


@techreport{beck:2001,
    author = {Beck, K. and Beedle, M. and van Bennekum, A. and Cockburn, A. and Cunningham, W. and Fowler, M. and Grenning, J. and Highsmith, J. and Hunt, A. and Jeffries, R. and Kern, Jon and Marick, Brian and Martin, Robert C. and Mallor, Steve and Shwaber, Ken and Sutherland, Jeff},
    citeulike-article-id = {7955278},
    institution = {The Agile Alliance},
    keywords = {657},
    posted-at = {2010-10-07 14:26:21},
    priority = {2},
    title = {The Agile Manifesto},
    year = {2001}
}

@inproceedings{Fielding:2000,
	 author = {Fielding, Roy T. and Taylor, Richard N.},
	 title = {Principled Design of the Modern Web Architecture},
	 booktitle = {Proceedings of the 22nd International Conference on Software Engineering},
	 series = {ICSE '00},
	 year = {2000},
	 isbn = {1-58113-206-9},
	 location = {Limerick, Ireland},
	 pages = {407 - 416},
	 numpages = {10},
	 doi = {10.1145/337180.337228},
	 acmid = {337228},
	 publisher = {ACM},
	 address = {New York, NY, USA}
}

@inproceedings{Wasserman:2010,
	 author = {Wasserman, Anthony I.},
	 title = {Software Engineering Issues for Mobile Application Development},
	 booktitle = {Proceedings of the FSE/SDP Workshop on Future of Software Engineering Research},
	 series = {FoSER '10},
	 month = {November},
	 year = {2010},
	 isbn = {978-1-4503-0427-6},
	 location = {Santa Fe, New Mexico, USA},
	 pages = {397 - 400},
	 numpages = {4},
	 doi = {10.1145/1882362.1882443},
	 acmid = {1882443},
	 publisher = {ACM},
	 address = {New York, NY, USA}
} 

@inproceedings{Rees:2002, 
	author={M. J. Rees}, 
	title={A feasible user story tool for agile software development?}, 
	booktitle={Software Engineering Conference, 2002. Ninth Asia-Pacific}, 
	year={2002}, 
	pages={22 - 30},
	doi={10.1109/APSEC.2002.1182972}, 
	ISSN={1530-1362}, 
	month={}
}

@article{Bjogvinsson:2012, 
	author={E. Bjögvinsson and P. Ehn and P. A. Hillgren}, 
	journal={Design Issues}, 
	title={Design Things and Design Thinking: Contemporary Participatory Design Challenges}, 
	year={2012}, 
	volume={28}, 
	number={3}, 
	pages={101 - 116}, 
	doi={10.1162/DESI_a_00165}, 
	issn={0747-9360}, 
	month={July}
}

@inproceedings{Bohmer:2011,
	 author = {B\"{o}hmer, Matthias and Hecht, Brent and Sch\"{o}ning, Johannes and Kr\"{u}ger, Antonio and Bauer, Gernot},
	 title = {Falling Asleep with Angry Birds, Facebook and Kindle: A Large Scale Study on Mobile Application Usage},
	 booktitle = {Proceedings of the 13th International Conference on Human Computer Interaction with Mobile Devices and Services},
	 series = {MobileHCI '11},
	 year = {2011},
	 month = {August},
	 isbn = {978-1-4503-0541-9},
	 location = {Stockholm, Sweden},
	 pages = {47 - 56},
	 numpages = {10},
	 doi = {10.1145/2037373.2037383},
	 acmid = {2037383},
	 publisher = {ACM},
	 address = {New York, NY, USA}
} 

@inproceedings{Sullivan:2013, 
	author={M. J. O'Sullivan and D. Grigoras}, 
	booktitle={2013 IEEE 12th International Symposium on Parallel and Distributed Computing}, 
	title={User Experience of Mobile Cloud Applications - Current State and Future Directions}, 
	year={2013}, 
	location = {Bucharest},
	pages={85 - 92},
	publisher = {IEEE},
	doi={10.1109/ISPDC.2013.20}, 
	month={June}
}

@inproceedings{Arhippainen:2003,
  title={Empirical evaluation of user experience in two adaptive mobile application prototypes},
  author={Arhippainen, Leena and T{\"a}hti, Marika},
  booktitle={Proceedings of the 2nd international conference on mobile and ubiquitous multimedia},
  pages={27 - 34},
  year={2003}
}

@inproceedings{Vermeeren:2010,
	 author = {Vermeeren, Arnold P. O. S. and Law, Effie Lai-Chong and Roto, Virpi and Obrist, Marianna and Hoonhout, Jettie and V\"{a}\"{a}n\"{a}nen-Vainio-Mattila, Kaisa},
	 title = {User Experience Evaluation Methods: Current State and Development Needs},
	 booktitle = {Proceedings of the 6th Nordic Conference on Human-Computer Interaction: Extending Boundaries},
	 series = {NordiCHI '10},
	 year = {2010},
	 isbn = {978-1-60558-934-3},
	 location = {Reykjavik, Iceland},
	 pages = {521 - 530},
	 numpages = {10},
	 doi = {10.1145/1868914.1868973},
	 acmid = {1868973},
	 publisher = {ACM},
	 address = {New York, NY, USA}
}

@article{Kangas:2005,
	 author = {Kangas, Eeva and Kinnunen, Timo},
	 title = {Applying User-centered Design to Mobile Application Development},
	 journal = {Communications of the ACM },
	 issue_date = {July 2005},
	 volume = {48},
	 number = {7},
	 month = {July},
	 year = {2005},
	 issn = {0001-0782},
	 pages = {55 - 59},
	 numpages = {5},
	 doi = {10.1145/1070838.1070866},
	 acmid = {1070866},
	 publisher = {ACM},
	 address = {New York, NY, USA}
}

@inproceedings{Williams:2003,
	 author = {Williams, Laurie and Maximilien, E. Michael and Vouk, Mladen},
	 title = {Test-Driven Development As a Defect-Reduction Practice},
	 booktitle = {Proceedings of the 14th International Symposium on Software Reliability Engineering},
	 series = {ISSRE '03},
	 year = {2003},
	 isbn = {0-7695-2007-3},
	 pages = {34 - },
	 doi = {10.1109/ISSRE.2003.1251029},
	 acmid = {952364},
	 publisher = {IEEE Computer Society},
	 address = {Washington, DC, USA}
} 

@article{George:2004,
	title = {A structured experiment of test-driven development},
	journal = {Information and Software Technology},
	volume = {46},
	number = {5},
	pages = {337 - 342},
	year = {2004},
	note = {Special Issue on Software Engineering, Applications, Practices and Tools from the ACM Symposium on Applied Computing 2003},
	issn = {0950-5849},
	doi = {10.1016/j.infsof.2003.09.011},
	author = {Boby George and Laurie Williams}
}

@inproceedings{Solis:2011, 
	author={C. Solis and X. Wang}, 
	booktitle={2011 37th EUROMICRO Conference on Software Engineering and Advanced Applications}, 
	title={A Study of the Characteristics of Behaviour Driven Development}, 
	year={2011}, 
	pages={383-387},
	doi={10.1109/SEAA.2011.76}, 
	month={August}
}

@online {salesforcehybrid-site,
    author = "Salesforce",
    title  = {Native, HTML5, or Hybrid: Understanding Your Mobile Application Development Options},
    month  = {April},
    year   = {2015},
    url    = "https://developer.salesforce.com/page/Native,_HTML5,_or_Hybrid:_Understanding_Your_Mobile_Application_Development_Options",
  	note = "Last Accessed 10 March 2016"
}

@online{ionic-site,
  	author = "Drifty Co",
  	title = {Ionic: Advanced HTML 5 Hybrid Mobile App Framework},
  	year = {2016},
  	month = {February},
  	url = "http://ionicframework.com",
  	urldate = {2016-02-01},
  	note = "Last Accessed 10 March 2016"
}

@ONLINE {angular-site,
    author = "Google",
    title  = {AngularJS - Superheroic JavaScript MVW Framework"},
    month  = {February},
    year   = "2016",
    url    = "https://angularjs.org",
  	note = "Last Accessed 10 March 2016"
}

@ONLINE {ngcordova-site,
    author = "Drifty Co",
    title  = {ngCordova - Simple extensions for common Cordova Plugins - by the Ionic Team},
    month  = {February},
    year   = "2016",
    url    = "http://ngcordova.com/docs/plugins/",
  	note = "Last Accessed 10 March 2016"
}

@ONLINE {nodejs-site,
    author = "Node.js Foundation",
    title  = {Node.js},
    month  = {February},
    year   = "2016",
    url    = "https://nodejs.org/en/",
  	note = "Last Accessed 10 March 2016"
}

@ONLINE {expressjs-site,
    author = "Node.js Foundation",
    title  = {Express - Node.js web application framework},
    month  = {February},
    year   = "2016",
    url    = "http://expressjs.com",
  	note = "Last Accessed 10 March 2016"
}

@ONLINE {mocha-site,
    author = "mocha",
    title  = {Mocha - the fun, simple, flexible JavaScript test framework},
    month  = {February},
    year   = "2016",
    url    = "https://mochajs.org",
  	note = "Last Accessed 10 March 2016"
}

@ONLINE {shouldjs-site,
    author = "TJ Holowaychuk",
    title  = {Should.js API Documentation},
    month  = {February},
    year   = "2016",
    url    = "https://shouldjs.github.io",
  	note = "Last Accessed 10 March 2016"
}

@ONLINE {mongodb-site,
    author = "MongoDB, Inc.",
    title  = {MongoDB for GIANT Ideas},
    month  = {February},
    year   = "2016",
    url    = "https://www.mongodb.com",
  	note = "Last Accessed 10 March 2016"
}

@ONLINE {heroku-site,
    author = "Heroku",
    title  = {Heroku | Cloud Application Platform},
    month  = {February},
    year   = "2016",
    url    = "https://www.heroku.com",
  	note = "Last Accessed 10 March 2016"
}

@ONLINE {mlab-site,
    author = "ObjectLabs Corporation",
    title  = {MongoDB Hosting: Database-as-a-Service by mLab},
    month  = {February},
    year   = "2016",
    url    = "https://mlab.com",
  	note = "Last Accessed 10 March 2016"
}

@ONLINE {openshift-site,
    author = "Red Hat",
    title  = {OpenShift: PaaS by Red Hat, Built on Docker and Kubernetes},
    month  = {February},
    year   = "2016",
    url    = "https://www.openshift.com",
  	note = "Last Accessed 10 March 2016"
}

@ONLINE {bluemix-site,
    author = "IBM",
    title  = {IBM Bluemix - Next Generation Cloud App Development Platform},
    month  = {February},
    year   = "2016",
    url    = "https://console.ng.bluemix.net",
  	note = "Last Accessed 10 March 2016"
}

@ONLINE {gae-site,
    author = "Google",
    title  = {App Engine - Platform as a Service - Google Cloud Platform},
    month  = {February},
    year   = "2016",
    url    = "https://cloud.google.com/appengine/",
  	note = "Last Accessed 10 March 2016"
}

@ONLINE {gcm-site,
    author = "Google",
    title  = {Cloud Messaging | Google Developers},
    month  = {February},
    year   = "2016",
    url    = "https://developers.google.com/cloud-messaging/",
  	note = "Last Accessed 10 March 2016"
}

@ONLINE {base64-site,
    author = "Internet Engineering Task Force",
    title  = {The Base16, Base32, and Base64 Data Encodings},
    month  = "oct",
    year   = "2006",
    url    = "https://tools.ietf.org/html/rfc4648",
  	note = "Last Accessed 10 March 2016"
}

@ONLINE {s3-site,
    author = "Amazon",
    title  = "{Amazon Simple Storage Service (S3) - Object Storage}",
    month  = {February},
    year   = "2016",
    url    = "https://aws.amazon.com/s3/",
  	note = "Last Accessed 10 March 2016"
}

@ONLINE {slideshare-ionic-site,
    author = "Salesforce",
    title  = {Case study: integrating azure with google app engine},
    month  = {February},
    year   = "2015",
    url    = "http://www.slideshare.net/MiguelScotter/case-study-integrating-azure-with-google-app-engine",
  	note = "Last Accessed 11 March 2016"
}

@ONLINE {tomislav-site,
    author = "Tomislav Capan",
    title  = {Why The Hell Would I Use Node.js? A Case-by-Case Tutorial},
    month  = {February},
    year   = "2013",
    url    = "https://www.toptal.com/nodejs/why-the-hell-would-i-use-node-js",
  	note = "Last Accessed 11 March 2016"
}

@article{Chaniotis:2015,
	author = {Chaniotis, Ioannis K. and Kyriakou, Kyriakos-Ioannis D. and Tselikas, Nikolaos D.},
	title = {Is Node.Js a Viable Option for Building Modern Web Applications? A Performance Evaluation Study},
	journal = {Computing},
 	issue_date = {October 2015},
 	volume = {97},
 	number = {10},
 	month = {October},
 	year = {2015},
 	issn = {0010-485X},
 	pages = {1023--1044},
 	numpages = {22},
 	doi = {10.1007/s00607-014-0394-9},
 	acmid = {2822141},
 	publisher = {Springer-Verlag New York, Inc.},
 	address = {New York, NY, USA}
} 

@inproceedings{cornelia:2015, 
	author={C. Győrödi and R. Győrödi and G. Pecherle and A. Olah}, 
	booktitle={2015 13th International Conference on Engineering of Modern Electric Systems}, 
	title={A comparative study: MongoDB vs. MySQL}, 
	year={2015}, 
	pages={1-6},
	doi={10.1109/EMES.2015.7158433}, 
	month={June}
}